<?xml version="1.0" encoding="UTF-8"?><collection xmlns="http://www.loc.gov/MARC21/slim"><record><leader>00490nam--2200181-u-4500</leader><controlfield tag="001">000055992</controlfield><controlfield tag="002">20161230</controlfield><controlfield tag="005">20170222165620</controlfield><controlfield tag="008">140318s1000------------r-----000-0-rum-d</controlfield><datafield ind1=" " ind2=" " tag="040"><subfield code="a">IFIN-HH</subfield></datafield><datafield ind1=" " ind2=" " tag="041"><subfield code="a">rum</subfield></datafield><datafield ind1=" " ind2=" " tag="080"><subfield code="a">541.13</subfield></datafield><datafield ind1="1" ind2=" " tag="100"><subfield code="a">Vasilescu Karpen, N</subfield></datafield><datafield ind1="1" ind2="0" tag="245"><subfield code="a">Fenomene si teorii noi in electrochimie si chimie fizica</subfield><subfield code="c">N. Vasilescu Karmen</subfield></datafield><datafield ind1=" " ind2=" " tag="260"><subfield code="a">Bucuresti</subfield><subfield code="b">Editura Academiei Rpr</subfield><subfield code="c">1957</subfield></datafield><datafield ind1=" " ind2=" " tag="300"><subfield code="a">266 p</subfield></datafield><datafield ind1=" " ind2=" " tag="852"><subfield code="a">4535</subfield><subfield code="c">541.13</subfield></datafield><datafield ind1=" " ind2=" " tag="CAT"><subfield code="a">SYS</subfield><subfield code="c">20170222</subfield><subfield code="h">165620</subfield></datafield></record></collection>